@inproceedings{chen2011tradeoffs,
  title={Tradeoffs between profit and customer satisfaction for service provisioning in the cloud},
  author={Chen, Junliang and Wang, Chen and Zhou, Bing Bing and Sun, Lei and Lee, Young Choon and Zomaya, Albert Y},
  booktitle={Proceedings of the 20th international symposium on High performance distributed computing},
  pages={229--238},
  year={2011},
  organization={ACM}
}

@inproceedings{chaisiri2010robust,
  title={Robust cloud resource provisioning for cloud computing environments},
  author={Chaisiri, Sivadon and Lee, Bu-Sung and Niyato, Dusit},
  booktitle={Service-Oriented Computing and Applications (SOCA), 2010 IEEE International Conference on},
  pages={1--8},
  year={2010},
  organization={IEEE}
}

@article{buckinx2007predicting,
  title={Predicting customer loyalty using the internal transactional database},
  author={Buckinx, Wouter and Verstraeten, Geert and Van den Poel, Dirk},
  journal={Expert systems with applications},
  volume={32},
  number={1},
  pages={125--134},
  year={2007},
  publisher={Elsevier}
}

@article{chaisiri2012optimization,
  title={Optimization of resource provisioning cost in cloud computing},
  author={Chaisiri, Sivadon and Lee, BuSung and Niyato, Dusit},
  journal={Services Computing, IEEE Transactions on},
  volume={5},
  number={2},
  pages={164--177},
  year={2012},
  publisher={IEEE}
}

@inproceedings{goudarzi2011maximizing,
  title={Maximizing profit in cloud computing system via resource allocation},
  author={Goudarzi, Hadi and Pedram, Massoud},
  booktitle={Distributed Computing Systems Workshops (ICDCSW), 2011 31st International Conference on},
  pages={1--6},
  year={2011},
  organization={IEEE}
}

@article{lemmens2013managing,
  title={Managing Churn to Maximize Profits},
  author={Lemmens, Aur{\'e}lie and Gupta, Sunil},
	booktitle={Harvard  Business School,2013}, 
   note={\url{http://www.hbs.edu/faculty/Publication%20Files/14-020_3553a2f4-8c7b-44e6-9711-f75dd56f624e.pdf}},

	year={2013}
}

@INPROCEEDINGS{5331755,
author={Rimal, B.P. and Eunmi Choi and Lumb, I.},
booktitle={INC, IMS and IDC, 2009. NCM '09. Fifth International Joint Conference on},
title={A Taxonomy and Survey of Cloud Computing Systems},
year={2009},
month={Aug},
pages={44-51},
keywords={Web services;software architecture;cloud computing system survey;computational world;computer cluster;distributed computing fine tuning;large volumetric data processing support;memory size 20 TByte;pay-for-use model;raw Web data;taxonomy result;Cloud computing;Taxonomy;Cloud Computing;Distributed Computing;Evolution;Large Scale Processors;Massive Data;Taxonomy},
doi={10.1109/NCM.2009.218},}


@inproceedings{li2012research,
  title={Research on Billing Strategy of Cloud Storage},
  author={Li, Haitao and Yang, Yuliang and Zheng, Bin},
  booktitle={Multimedia Information Networking and Security (MINES), 2012 Fourth International Conference on},
  pages={624--627},
  year={2012},
  organization={IEEE}
}

@INPROCEEDINGS{javadi2012hybrid,
author={Javadi, B. and Abawajy, J. and Sinnott, R.O.},
booktitle={Cloud Computing Technology and Science (CloudCom), 2012 IEEE 4th International Conference on},
title={Hybrid Cloud resource provisioning policy in the presence of resource failures},
year={2012},
month={Dec},
pages={10-17},
keywords={cloud computing;costing;quality of service;resource allocation;Amazon public Cloud;QoS;failure correlations;failure traces;hybrid cloud computing environment;hybrid cloud resource provisioning policy;large-scale distributed systems;monetary cost;performance cost;quality of service;resource failures;resource management issues;user request deadline violation rate;workflow applications;workload model;Cloud computing;Computational modeling;Computer architecture;Conferences;Correlation;Educational institutions;Virtual machining},
doi={10.1109/CloudCom.2012.6427521},}


@article{abrishami2013deadline,
  title={Deadline-constrained workflow scheduling algorithms for Infrastructure as a Service Clouds},
  author={Abrishami, Saeid and Naghibzadeh, Mahmoud and Epema, Dick HJ},
  journal={Future Generation Computer Systems},
  volume={29},
  number={1},
  pages={158--169},
  year={2013},
  publisher={Elsevier}
}

@article{obiedat2013customer,
  title={Customer churn prediction using a hybrid genetic programming approach},
  author={Obiedat, Ruba and Alkasassbeh, Mouhammd and Faris, Hossam and Harfoushi, Osama},
  journal={Scientific Research and Essays},
  volume={8},
  number={27},
  pages={1289--1295},
  year={2013},
  publisher={Academic Journals}
}

@article{lazarov2007churn,
  title={Churn prediction},
  author={Lazarov, Vladislav and Capota, Marius},
  journal={Business Analytics Course},
  year={2007}
}

@incollection{hadden2008customer,
year={2010},
isbn={978-3-642-12188-3},
booktitle={Computational Science and Its Applications â€“ ICCSA 2010},
volume={6019},
series={Lecture Notes in Computer Science},
editor={Taniar, David and Gervasi, Osvaldo and Murgante, Beniamino and Pardede, Eric and Apduhan, BernadyO.},
title={A New Neural Network Based Customer Profiling Methodology for Churn Prediction},
publisher={Springer Berlin Heidelberg},
keywords={Customer Churn; Churn Prediction Methodology; Customer Profiling; Classification; Neural Network},
author={Tiwari, Ashutosh and Hadden, John and Turner, Chris},
pages={358-369},
language={English}
}

@article{li2014task,
  title={A Task Allocation Schema Based on Response Time Optimization in Cloud Computing},
  author={Li, Kai and Wang, Yong and Liu, Meilin},
  journal={arXiv preprint arXiv:1404.1124},
  year={2014}
}
@article{fasanghari2011customer,
  title={Customer Churn Prediction Using Local Linear Model Tree for Iranian Telecommunication Companies},
  author={Fasanghari, Mehdi and Keramati, Abbas},
  journal={Journal of Industrial Engineering, University of Tehran, Special Issue},
  pages={25--37},
  year={2011}
}

@inproceedings{das2005combinatorial,
  title={Combinatorial auction-based protocols for resource allocation in grids},
  author={Das, Anubhav and Grosu, Daniel},
  booktitle={Parallel and Distributed Processing Symposium, 2005. Proceedings. 19th IEEE International},
  pages={8--pp},
  year={2005},
  organization={IEEE}
}
@inproceedings{lin2012interference,
  title={Interference-aware virtual machine placement in cloud computing systems},
  author={Lin, Jenn-Wei and Chen, Chien-Hung},
  booktitle={Computer \& Information Science (ICCIS), 2012 International Conference on},
  volume={2},
  pages={598--603},
  year={2012},
  organization={IEEE}
}

@inproceedings{anand2013virtual,
  title={Virtual Machine Placement Optimization Supporting Performance SLAs},
  author={Anand, Ankit and Lakshmi, J and Nandy, SK},
  booktitle={Cloud Computing Technology and Science (CloudCom), 2013 IEEE 5th International Conference on},
  volume={1},
  pages={298--305},
  year={2013},
  organization={IEEE}
}



@article{Huang:2012:CCP:2038068.2038213,
 author = {Huang, Bingquan and Kechadi, Mohand Tahar and Buckley, Brian},
 title = {Customer Churn Prediction in Telecommunications},
 journal = {Expert Syst. Appl.},
 issue_date = {January, 2012},
 volume = {39},
 number = {1},
 month = jan,
 year = {2012},
 issn = {0957-4174},
 pages = {1414--1425},
 numpages = {12},
 publisher = {Pergamon Press, Inc.},
 address = {Tarrytown, NY, USA},
} 

@article{cloudchurn2012,
  title={{Cloud Computing:A Closer Look at Churn }},
  author={Griffin, Carter and Hartz, Neil},
	booktitle = {Report, Updata},
  year={2012},
  note={\url{http://updatapartners.com/wp-content/uploads/2013/06/Updata_Partners_Cloud_Computing_A_Closer_Look_at_Churn.pdf}},
}


@article{li2013energy,
  title={Energy efficient virtual machine placement algorithm with balanced and improved resource utilization in a data center},
  author={Li, Xin and Qian, Zhuzhong and Lu, Sanglu and Wu, Jie},
  journal={Mathematical and Computer Modelling},
  volume={58},
  number={5},
  pages={1222--1235},
  year={2013},
  publisher={Elsevier}
}

@INPROCEEDINGS{6297100,
author={Jenn-Wei Lin and Chien-Hung Chen},
booktitle={Computer Information Science (ICCIS), 2012 International Conference on},
title={Interference-aware virtual machine placement in cloud computing systems},
year={2012},
month={June},
volume={2},
pages={598-603},}

@article{IJACSA.2012.030616,
  added-at = {2014-02-21T08:00:08.000+0100},
  author = {{V V.Vinothina Dr.R.Sridaran}, Dr.Padmavathi Ganapathi},
 journal = {International Journal of Advanced Computer Science and Applications(IJACSA)},
  number = 6,
  title = {{A Survey on Resource Allocation Strategies in Cloud Computing}},
  volume = 3,
  year = 2012,
}

@INPROCEEDINGS{5176040,
author={Nguyen, H.A. and Van Nguyen, T. and Deokjai Choi},
booktitle={Intelligent Information and Database Systems, 2009. ACIIDS 2009. First Asian Conference on},
title={How to Maximize User Satisfaction Degree in Multi-service IP Networks},
year={2009},
month={April},
pages={471-476},}

@article{Burez2007277,
title = "\{CRM\} at a pay-TV company: Using analytical models to reduce customer attrition by targeted marketing for subscription services ",
journal = "Expert Systems with Applications ",
volume = "32",
number = "2",
pages = "277 - 288",
year = "2007",
note = "",
issn = "0957-4174",
doi = "http://dx.doi.org/10.1016/j.eswa.2005.11.037",
url = "http://www.sciencedirect.com/science/article/pii/S0957417405003374",
author = "Jonathan Burez and Dirk Van den Poel"
}

@INPROCEEDINGS{6932875,
author={Runge, J. and Peng Gao and Garcin, F. and Faltings, B.},
booktitle={Computational Intelligence and Games (CIG), 2014 IEEE Conference on},
title={Churn prediction for high-value players in casual social games},
year={2014},
month={Aug},
pages={1-8},}


@article{TamaddoniJahromi20141258,
title = "Managing \{B2B\} customer churn, retention and profitability ",
journal = "Industrial Marketing Management ",
volume = "43",
number = "7",
pages = "1258 - 1268",
year = "2014",
note = "",
author = "Ali Tamaddoni Jahromi and Stanislav Stakhovych and Michael Ewing",
keywords = "\{B2B\} customer churn",
keywords = "Data mining",
keywords = "Non-contractual setting",
keywords = "Retention campaign",
keywords = "Profit "
}


@inproceedings{li2013performance,
  title={Performance overhead among three hypervisors: An experimental study using hadoop benchmarks},
  author={Li, Jie and Wang, Qingyang and Jayasinghe, Danushka and Park, Junhee and Zhu, Tao and Pu, Calton},
  booktitle={Big Data (BigData Congress), 2013 IEEE International Congress on},
  pages={9--16},
  year={2013},
  organization={IEEE}
}


